@inproceedings{kondor2003kernel,
  title={A kernel between sets of vectors},
  author={Kondor, Risi and Jebara, Tony},
  booktitle={MACHINE LEARNING-INTERNATIONAL WORKSHOP THEN CONFERENCE-},
  volume={20},
  number={1},
  pages={361},
  year={2003}
}

@inproceedings{grauman2005pyramid,
  title={The pyramid match kernel: Discriminative classification with sets of image features},
  author={Grauman, Kristen and Darrell, Trevor},
  booktitle={Computer Vision, 2005. ICCV 2005. Tenth IEEE International Conference on},
  volume={2},
  pages={1458--1465},
  year={2005},
  organization={IEEE}
}

@inproceedings{desobry2005class,
  title={A class of kernels for sets of vectors},
  author={Desobry, Fr{\'e}d{\'e}ric and Davy, Manuel and Fitzgerald, William J},
  booktitle={Proceedings of the 13th European Symposium on Artificial Neural Networks},
  year={2005},
  organization={Citeseer}
}

@book{shawe2004kernel,
  title={Kernel methods for pattern analysis},
  author={Shawe-Taylor, John and Cristianini, Nello},
  year={2004},
  publisher={Cambridge university press}
}
